<marc:record xmlns:marc="http://www.loc.gov/MARC21/slim"><marc:leader>00573nam a22001570a 45 0</marc:leader><marc:controlfield tag="001">307365</marc:controlfield><marc:controlfield tag="003">NL-AMISG</marc:controlfield><marc:controlfield tag="005">19950210234845.0</marc:controlfield><marc:controlfield tag="008">199502suuuuuuuu||||||||||||||||||||||| d</marc:controlfield><marc:datafield ind1=" " ind2=" " tag="035"><marc:subfield code="a">(IISG)IISGb10058839</marc:subfield></marc:datafield><marc:datafield ind1=" " ind2=" " tag="040"><marc:subfield code="a">NL-AmISG</marc:subfield></marc:datafield><marc:datafield ind1="1" ind2=" " tag="100"><marc:subfield code="a">Blatchford, Robert.</marc:subfield></marc:datafield><marc:datafield ind1="1" ind2="3" tag="245"><marc:subfield code="a">De tooverwinkel. Een onmogelijke roman. Vert. door Henri Polak.</marc:subfield></marc:datafield><marc:datafield ind1=" " ind2=" " tag="260"><marc:subfield code="a">Amsterdam :</marc:subfield><marc:subfield code="b">Quérido,</marc:subfield><marc:subfield code="c">1907.</marc:subfield></marc:datafield><marc:datafield ind1=" " ind2=" " tag="300"><marc:subfield code="a">256 p.</marc:subfield></marc:datafield><marc:datafield ind1=" " ind2=" " tag="690"><marc:subfield code="a">N 1280</marc:subfield><marc:subfield code="b">Netherlands; social history; after 1813; social movements; after 1870; personalities; H. Polak</marc:subfield><marc:subfield code="c">Nederland; sociale geschiedenis; sinds 1813; de arbeidersbeweging na 1870; personen; H. Polak.</marc:subfield></marc:datafield><marc:datafield ind1="1" ind2=" " tag="700"><marc:subfield code="a">Polak, Henri.</marc:subfield></marc:datafield><marc:datafield ind1=" " ind2=" " tag="852"><marc:subfield code="a">IISG</marc:subfield><marc:subfield code="b">IISG</marc:subfield><marc:subfield code="c">IISG</marc:subfield><marc:subfield code="j">268/221</marc:subfield><marc:subfield code="p">N10058210</marc:subfield></marc:datafield><marc:datafield ind1=" " ind2=" " tag="901"><marc:subfield code="a">307365</marc:subfield><marc:subfield code="b">Unknown</marc:subfield><marc:subfield code="c">307365</marc:subfield><marc:subfield code="t">biblio</marc:subfield></marc:datafield><marc:datafield ind1=" " ind2=" " tag="902"><marc:subfield code="a">10622/A0ED2857-A2B7-44EA-9F25-C1BB73171611</marc:subfield></marc:datafield></marc:record>